@article{rudnicky2002dialog,
  title={Dialog annotation for stochastic generation},
  author={Rudnicky, Alexander and Oh, Alice H},
  year={2002},
  publisher={Carnegie Mellon University}
}

@article{chen2017survey,
  title={A survey on dialogue systems: Recent advances and new frontiers},
  author={Chen, Hongshen and Liu, Xiaorui and Yin, Dawei and Tang, Jiliang},
  journal={Acm Sigkdd Explorations Newsletter},
  volume={19},
  number={2},
  pages={25--35},
  year={2017},
  publisher={ACM New York, NY, USA}
}

@phdthesis{manishina2016data,
  title={Data-driven natural language generation using statistical machine translation and discriminative learning},
  author={Manishina, Elena},
  year={2016}
}

@book{alder2017handbook,
  title={Handbook of NLP: A manual for professional communicators},
  author={Alder, Harry},
  year={2017},
  publisher={Routledge}
}

@article{oh2002stochastic,
  title={Stochastic natural language generation for spoken dialog systems},
  author={Oh, Alice H and Rudnicky, Alexander I},
  journal={Computer Speech \& Language},
  volume={16},
  number={3-4},
  pages={387--407},
  year={2002},
  publisher={Elsevier}
}

@MISC{open_domain_neural_ds,
      author =       "Yun-Nung Chen and Jianfeng Gao",
      title =        "Open-Domain Neural Dialogue Systems",
      url =          "https://www.aclweb.org/anthology/I17-5003.pdf",
      note =         "[Online; visited 10.11.2019]"
    } 


@MISC{deep_learning_ds,
	author =	"Yun-Nung Chen and Asli Celikyilmaz and Dilek Hakkani-Tur",
	title =		"Deep Learning for Dialogue Systems",
	url = 		"https://www.aclweb.org/anthology/C18-3006.pdf",
	note = 		"[Online; visited 10.11.2019]"
	}


@MISC{good_conversation,
	author =	"Abigail See and Stephen Roller and Douwe Kiela and Jason Weston",
	title =		"What makes a good conversation? How controllable attributes affect human judgments",
	url = 		"https://arxiv.org/pdf/1902.08654.pdf",
	note = 		"[Online; visited 28.11.2019]"
	}

@MISC{generator_problems,
	author =	"Amanda Stent and Matthew Marge and Mohit Singhai",
	title =		"Evaluating Evaluation Methods for Generation in the Presence of Variation",
	url = 		"http://www.cs.cmu.edu/~mrmarge/cicling04eval.pdf",
	note = 		"[Online; visited 17.11.2019]"
     }

@MISC{applied_nlg,
	author =	"Ehud Reiter and Robert Dale",
	title =		"Building Applied Natural Language Generation",
	url = 		"https://pdfs.semanticscholar.org/728e/18fbf00f5a80e9a070db4f4416d66c7b28f4.pdf",
	note = 		"[Online; visited 17.11.2019]"
	}




@MISC{lstm_nlg,
	author =	"Tsung-Hsien Wen and  Milica Gašić and Nikola Mrkšić and Pei-Hao Su and David Vandyke and Steve Young",
	title =		"Semantically Conditioned LSTM-based Natural Language Generation for Spoken Dialogue Systems",
	url = 		"https://www.aclweb.org/anthology/D15-1199.pdf",
	note = 		"[Online; visited 24.11.2019]"
	}

@MISC{network_nlg,
	author =	"Tsung-Hsien Wen and David Vandyke and Nikola Mrkšić and Milica Gašić and Lina M. Rojas-Barahona and Pei-Hao Su and Stefan Ultes and Steve Young",
	title =		"A Network-based End-to-End Trainable Task-oriented Dialogue System",
	url = 		"https://www.aclweb.org/anthology/E17-1042.pdf",
	note = 		"[Online; visited 24.11.2019]"
	}

@MISC{rnn_nlg,
	author =	"Van-Khanh Tran and Le-Minh Nguyen",
	title =		"Neural-based Natural Language Generation in Dialogue using RNN Encoder-Decoder with Semantic Aggregation",
	url = 		"https://arxiv.org/pdf/1706.06714.pdf",
	note = 		"[Online; visited 24.11.2019]"
	}

@MISC{rnn_difficulties,
	author =	"Razvan Pascanu and Tomas Mikolov and Yoshua Bengio",
	title =		"On the difficulty of training Recurrent Neural Networks",
	url = 		"https://arxiv.org/pdf/1211.5063.pdf",
	note = 		"[Online; visited 24.11.2019]"
	}

@MISC{transformer,
	author =	"Ashish Vaswani and Noam Shazeer and Niki Parmar and Jakob Uszkoreit and Llion Jones and Aidan N. Gomez and Łukasz Kaiser",
	title =		"Attention Is All You Need",
	url = 		"https://arxiv.org/pdf/1706.03762.pdf",
	note = 		"[Online; visited 24.11.2019]"
	}

@MISC{persona_chat,
	author = "Saizheng Zhang and Emily Dinan and Jack Urbanek and Arthur Szlam and Douwe Kiela and Jason Weston",
	title = "Personalizing Dialogue Agents: I have a dog, do you have pets too?",
	url = "https://arxiv.org/pdf/1801.07243.pdf", 
	note = "[Online, visited 20.01.2020]"
}


